@ARTICLE{Sharma2023-fr,
  title    = "A review of physics-informed machine learning in fluid mechanics",
  author   = "Sharma, Pushan and Chung, Wai Tong and Akoush, Bassem and Ihme,
              Matthias",
  journal  = "Energies",
  volume   =  16,
  number   =  5,
  pages    = "2343",
  year     =  2023,
  language = "en"
}

@BOOK{Langtangen2017-pd,
  title     = "Finite difference computing with {PDEs}: A modern software
               approach",
  author    = "Langtangen, Hans Petter and Linge, Svein",
  publisher = "Springer International Publishing",
  edition   =  1,
  year      =  2017,
  address   = "Basel, Switzerland",
  language  = "en"
}

@BOOK{Becker1981-dz,
  title     = "Finite Elements: v. 1: An Introduction",
  author    = "Becker, E B and {etc.}",
  publisher = "Longman Higher Education",
  year      =  1981,
  address   = "Harlow, England",
  language  = "en"
}

@ARTICLE{Thomee1984-sc,
  title    = "The finite difference versus the finite element method for the
              solution of boundary value problems",
  author   = "Thom{\'e}e, Vidar",
  journal  = "Bull. Aust. Math. Soc.",
  volume   =  29,
  number   =  2,
  pages    = "267--288",
  year     =  1984,
  language = "en"
}

@ARTICLE{Pantidis2023-vh,
  title    = "Integrated Finite Element Neural Network ({I-FENN}) for non-local
              continuum damage mechanics",
  author   = "Pantidis, Panos and Mobasher, Mostafa E",
  journal  = "Comput. Methods Appl. Mech. Eng.",
  volume   =  404,
  number   =  115766,
  pages    = "115766",
  year     =  2023,
  language = "en"
}

@ARTICLE{Meethal2023-ag,
  title    = "Finite element method-enhanced neural network for forward and
              inverse problems",
  author   = "Meethal, Rishith E and Kodakkal, Anoop and Khalil, Mohamed and
              Ghantasala, Aditya and Obst, Birgit and Bletzinger, Kai-Uwe and
              W{\"u}chner, Roland",
  journal  = "Adv. Model. Simul. Eng. Sci.",
  volume   =  10,
  number   =  1,
  year     =  2023,
  language = "en"
}

@ARTICLE{Le-Duc2023-ly,
  title    = "A finite-element-informed neural network for parametric
              simulation in structural mechanics",
  author   = "Le-Duc, Thang and Nguyen-Xuan, H and Lee, Jaehong",
  journal  = "Finite Elem. Anal. Des.",
  volume   =  217,
  number   =  103904,
  pages    = "103904",
  year     =  2023,
  language = "en"
}

@ARTICLE{Tu2022-hk,
  title    = "{FinNet}: Solving time-independent differential equations with
              finite difference neural network",
  author   = "Tu, Son N T and Nguyen, Thu",
  year     =  2022,
  eprint   = "2202.09282"
}

@INPROCEEDINGS{Shi2020-wm,
  title           = "Finite difference neural networks: Fast prediction of
                     partial differential equations",
  booktitle       = "2020 19th {IEEE} International Conference on Machine
                     Learning and Applications ({ICMLA})",
  author          = "Shi, Zheng and Gulgec, Nur Sila and Berahas, Albert S and
                     Pakzad, Shamim N and Takac, Martin",
  publisher       = "IEEE",
  pages           = "130--135",
  year            =  2020
}